@book{sivia,
	title="Data Analysis - A Bayesian tutorial",
	author="D.S. Sivia and J. Skilling",
	publisher="Oxford University Press",
	place="Oxford, UK",
	volume=2,
	year=2006

}
