%Artikel
@ARTICLE{Draine_and_Bertoldi,
	author        = "{Draine \& Bertoldi}",
	title         = "{Heating the Gas in Photodissociation Fronts}",
	number        = "astro-ph/9902379. POPE-784",
	month         = "Mar",
	year          = "1999",
	reportNumber  = "astro-ph/9902379",
	url           = "https://cds.cern.ch/record/380434",
}
%Datensätze
@ARTICLE{Planck_dataset,
	author        = "{Planck Collaboration}",
	title         = "{Planck Public Data Release 3 Maps}",
	url           = "{https://irsa.ipac.caltech.edu/data/Planck/release_3/all-sky-maps/}",
	note = "{zuletzt aufgerufen am 1. August 2020}"
}


@ARTICLE{IRAS_dataset,
	author        = "{Miville-Deschênes \& Lagache}",
	title         = "{IRIS - Improved Reprocessing of the IRAS Survey}",
	url           = "https://www.cita.utoronto.ca/~mamd/IRIS/IrisOverview.html",
	note = "{zuletzt aufgerufen am 1. August 2020}"
}

@ARTICLE{HI4PI_dataset,
	author = {{HI4PI Collaboration}},
	title = "{HI4PI: A full-sky H I survey based on EBHIS and GASS}",
	keywords = {surveys, ISM: atoms, techniques: spectroscopic, Astrophysics - Astrophysics of Galaxies},
	year = 2016,
	month = oct,
	volume = {594},
	eid = {A116},
	pages = {A116},
	doi = {10.1051/0004-6361/201629178},
	archivePrefix = {arXiv},
	eprint = {1610.06175},
	primaryClass = {astro-ph.GA},
	url = {https://ui.adsabs.harvard.edu/abs/2016A&A...594A.116H},
	adsnote = {Provided by the SAO/NASA Astrophysics Data System}
}
@ARTICLE{Dust_temp_R1_dataset,
	author = {{Planck Collaboration}},
	title = "{Planck 2013 results. XI. All-sky model of thermal dust emission}",
	keywords = {methods: data analysis, ISM: general, dust, extinction, infrared: ISM, submillimeter: ISM, opacity, Astrophysics - Astrophysics of Galaxies, Astrophysics - Cosmology and Nongalactic Astrophysics},
	year = 2014,
	month = nov,
	volume = {571},
	eid = {A11},
	pages = {A11},
	doi = {10.1051/0004-6361/201323195},
	archivePrefix = {arXiv},
	eprint = {1312.1300},
	primaryClass = {astro-ph.GA},
	url = {https://ui.adsabs.harvard.edu/abs/2014A&A...571A..11P},
	adsnote = {Provided by the SAO/NASA Astrophysics Data System}
}


@ARTICLE{Dust_temp_R2_dataset,
	author = {{Planck Collaboration}},
	title = "{Planck intermediate results. XLVIII. Disentangling Galactic dust emission and cosmic infrared background anisotropies}",
	keywords = {cosmology: observations, methods: data analysis, ISM: general, dust, extinction, infrared: diffuse background, large-scale structure of Universe, Astrophysics - Cosmology and Nongalactic Astrophysics, Astrophysics - Astrophysics of Galaxies, Astrophysics - Instrumentation and Methods for Astrophysics},
	year = 2016,
	month = dec,
	volume = {596},
	eid = {A109},
	pages = {A109},
	doi = {10.1051/0004-6361/201629022},
	archivePrefix = {arXiv},
	eprint = {1605.09387},
	primaryClass = {astro-ph.CO},
	url = {https://ui.adsabs.harvard.edu/abs/2016A&A...596A.109P},
	adsnote = {Provided by the SAO/NASA Astrophysics Data System}
}

@ARTICLE{CO_dataset,
	author = {{Dame et al.}},
	title = "{The Milky Way in Molecular Clouds: A New Complete CO Survey}",
	keywords = {Galaxy: Structure, ISM: Clouds, ISM: Molecules, Radio Lines: ISM, Galaxy: Solar Neighborhood, Stars: Formation, Astrophysics},
	year = 2001,
	month = feb,
	volume = {547},
	number = {2},
	pages = {792-813},
	doi = {10.1086/318388},
	archivePrefix = {arXiv},
	eprint = {astro-ph/0009217},
	primaryClass = {astro-ph},
	url = {https://ui.adsabs.harvard.edu/abs/2001ApJ...547..792D},
	adsnote = {Provided by the SAO/NASA Astrophysics Data System}
}

@ARTICLE{PGCC_Paper,
	author = {{Planck Collaboration}},
	title = "{Planck 2015 results. XXVIII. The Planck Catalogue of Galactic cold clumps}",
	keywords = {ISM: clouds, ISM: structure, local insterstellar matter, stars: formation, Astrophysics - Astrophysics of Galaxies},
	year = 2016,
	month = sep,
	volume = {594},
	eid = {A28},
	pages = {A28},
	doi = {10.1051/0004-6361/201525819},
	archivePrefix = {arXiv},
	eprint = {1502.01599},
	primaryClass = {astro-ph.GA},
	url = {https://ui.adsabs.harvard.edu/abs/2016A&A...594A..28P},
	adsnote = {Provided by the SAO/NASA Astrophysics Data System}
}

@ARTICLE{PGCC_Source,
	author = {{Planck Collaboration}},
	title = "{{PLANCKGCC - Planck Catalog of Galactic Cold Clumps (PGCC)}}",
	url = {https://heasarc.gsfc.nasa.gov/W3Browse/planck/planckgcc.html},
	note = {zuletzt aufgerufen am 14. September 2020}
}
@ARTICLE{Boulanger,
	author = {{Boulanger \& Perault}},
	title = "{Diffuse Infrared Emission from the Galaxy. I. Solar Neighborhood}",
	keywords = {Galactic Radiation, Infrared Radiation, Interstellar Matter, Milky Way Galaxy, Solar Neighborhood, Carbon Monoxide, Diffuse Radiation, Hydrogen Atoms, Hydrogen Ions, Infrared Astronomy Satellite, Ionized Gases, Radio Emission, Stellar Radiation, Zodiacal Light, Astrophysics, INTERSTELLAR: GRAINS, INTERSTELLAR: MATTER, INTERSTELLAR: MOLECULES},
	year = 1988,
	month = jul,
	volume = {330},
	pages = {964},
	doi = {10.1086/166526},
	url = {https://ui.adsabs.harvard.edu/abs/1988ApJ...330..964B},
	adsnote = {Provided by the SAO/NASA Astrophysics Data System}
}


@ARTICLE{Kerp,
	author = {{J. Kerp}},
	title = "{Private Mitteilung}",
	year = 2020
}

@ARTICLE{Planck_results_xii,
	author = {{Planck Collaboration}},
	title = "{Planck 2015 results. XIII. Cosmological parameters}",
	keywords = {cosmology: observations, cosmology: theory, cosmic background radiation, cosmological parameters, Astrophysics - Cosmology and Nongalactic Astrophysics},
	year = 2016,
	month = sep,
	volume = {594},
	eid = {A13},
	pages = {A13},
	doi = {10.1051/0004-6361/201525830},
	archivePrefix = {arXiv},
	eprint = {1502.01589},
	primaryClass = {astro-ph.CO},
	url = {https://ui.adsabs.harvard.edu/abs/2016A&A...594A..13P},
	adsnote = {Provided by the SAO/NASA Astrophysics Data System}
}
@ARTICLE{Planck_2015_results,
	author = {{Planck Collaboration}},
	title = "{Planck 2015 results. I. Overview of products and scientific results}",
	keywords = {cosmology: observations, cosmic background radiation, surveys, space vehicles: instruments, instrumentation: detectors, Astrophysics - Cosmology and Nongalactic Astrophysics},
	year = 2016,
	month = sep,
	volume = {594},
	eid = {A1},
	pages = {A1},
	doi = {10.1051/0004-6361/201527101},
	archivePrefix = {arXiv},
	eprint = {1502.01582},
	primaryClass = {astro-ph.CO},
	url = {https://ui.adsabs.harvard.edu/abs/2016A&A...594A...1P},
	adsnote = {Provided by the SAO/NASA Astrophysics Data System}
}

@ARTICLE{Planck_2018,
	author = "{Planck Collaboration}",
	title = "{Planck 2018 results. I. Overview and the cosmological legacy of Planck}",
	keywords = {cosmology: observations, cosmology: theory, cosmic background radiation, surveys, Astrophysics - Cosmology and Nongalactic Astrophysics},
	year = 2020,
	month = sep,
	volume = {641},
	eid = {A1},
	pages = {A1},
	doi = {10.1051/0004-6361/201833880},
	archivePrefix = {arXiv},
	eprint = {1807.06205},
	primaryClass = {astro-ph.CO},
	url = {https://ui.adsabs.harvard.edu/abs/2020A&A...641A...1P},
	adsnote = {Provided by the SAO/NASA Astrophysics Data System}
}


@ARTICLE{LMC_database,
	author={{NASA/IPAC}},
	title= "{NASA/IPAC Extragalactic Database -- Results for object Large Magellanic Cloud (LMC)}",
	url = {http://ned.ipac.caltech.edu/byname?objname=LMC&hconst=67.8&omegam=0.308&omegav=0.692&wmap=4&corr_z=1},
	note = {zuletzt aufgerufen am 8. August 2020}
}

@ARTICLE{SMC_database,
	author={{NASA/IPAC}},
	title= "{NASA/IPAC Extragalactic Database -- Results for object Small Magellanic Cloud (SMC)}",
	url ={http://ned.ipac.caltech.edu/byname?objname=SMC&hconst=67.8&omegam=0.308&omegav=0.692&wmap=4&corr_z=1},
	note = {zuletzt aufgerufen am 8. August 2020}
}

@ARTICLE{Planck_2018_results,
	author = {{Planck Collaboration}},
	title = "{Planck 2018 results. VI. Cosmological parameters}",
	journal = {arXiv e-prints},
	keywords = {Astrophysics - Cosmology and Nongalactic Astrophysics},
	year = 2018,
	month = jul,
	eid = {arXiv:1807.06209},
	pages = {arXiv:1807.06209},
	archivePrefix = {arXiv},
	eprint = {1807.06209},
	primaryClass = {astro-ph.CO},
	url = {https://ui.adsabs.harvard.edu/abs/2018arXiv180706209P},
	adsnote = {Provided by the SAO/NASA Astrophysics Data System}
}

@unknown{Planck_2018_HFI_data_processing,
	author = {{Planck Collaboration}},
	year = {2018},
	month = {07},
	pages = {},
	title = "{Planck 2018 results. III. High Frequency Instrument data processing and frequency maps}",
	url = {https://arxiv.org/abs/1807.06207#page=1}
}

@ARTICLE{Planck_wiki,
	author={{Planck Collaboration}},
	title= "{2018 Planck Explanatory Supplement}",
	url = {https://wiki.cosmos.esa.int/planck-legacy-archive/index.php/Main_Page},
	note = {zuletzt aufgerufen am 8. August 2020}
}





@ARTICLE{HI_Profile_Search,
	author={Peter Kalberla},
	title= "{{HI Profile Search for GASS, EBHIS, and Gaussian basesed HI4PI Data}}",
	url = {https://www.astro.uni-bonn.de/hisurvey/AllSky_gauss/index.php},
	note = {zuletzt aufgerufen am 3. September 2020}
}

@ARTICLE{healpix,
	author={{NASA Jet Propulsion Laboratory}},
	title= "{{HEALPix -- Introduction}}",
	url = {https://healpix.jpl.nasa.gov/},
	note = {zuletzt aufgerufen am 10. September 2020}
}


@ARTICLE{GalaktischeStruktur,
	author={{K.S. de Boer}},
	title= "{{Entschlüsselung der großräumigen Struktur unserer Galaxis}}",
	url = {https://astro.uni-bonn.de/~deboer/galstruc/galstr.html},
	note = {zuletzt aufgerufen am 15. September 2020}
}

@ARTICLE{PGCC_early_results,
	author = {{Planck Collaboration \& Ade}},
	title = "{Planck early results. XXIII. The first all-sky survey of Galactic cold clumps}",
	keywords = {ISM: clouds, stars: formation, dust, extinction, submillimetre: ISM, ISM: general, catalogs, Astrophysics - Astrophysics of Galaxies},
	year = 2011,
	month = dec,
	volume = {536},
	eid = {A23},
	pages = {A23},
	doi = {10.1051/0004-6361/201116472},
	archivePrefix = {arXiv},
	eprint = {1101.2035},
	primaryClass = {astro-ph.GA},
	url = {https://ui.adsabs.harvard.edu/abs/2011A&A...536A..23P},
	adsnote = {Provided by the SAO/NASA Astrophysics Data System}
}



@ARTICLE{Bregman,
	author = {{Bregman}, J.~N.},
	title = "{The galactic fountain of high-velocity clouds.}",
	keywords = {Galactic Rotation, Galactic Structure, Galaxies, Hydrogen Clouds, Milky Way Galaxy, Hydrodynamics, Interstellar Matter, Magnetic Fields, Nebulae, Radial Velocity, Velocity Distribution, Astrophysics},
	year = 1980,
	month = mar,
	volume = {236},
	pages = {577-591},
	doi = {10.1086/157776},
	url = {https://ui.adsabs.harvard.edu/abs/1980ApJ...236..577B},
	adsnote = {Provided by the SAO/NASA Astrophysics Data System}
}


@ARTICLE{CIB,
	author = {{Lagache}, G and {Puget}, J. L. and {Dole}, H.},
	title = "{Dusty Infrared Galaxies: Sources of the Cosmic Infrared Background}",
	keywords = {Astrophysics},
	year = 2005,
	month = sep,
	volume = {43},
	number = {1},
	pages = {727-768},
	doi = {10.1146/annurev.astro.43.072103.150606},
	archivePrefix = {arXiv},
	eprint = {astro-ph/0507298},
	primaryClass = {astro-ph},
	url = {https://ui.adsabs.harvard.edu/abs/2005ARA&A..43..727L},
	adsnote = {Provided by the SAO/NASA Astrophysics Data System}
}


@ARTICLE{EBHIS,
	author = {{Winkel}, B. and {Kerp}, J. and {Fl{\"o}er}, L. and
	{Kalberla}, P.~M.~W. and {Ben Bekhti}, N. and {Keller}, R. and
	{Lenz}, D.},
	title = "{The Effelsberg-Bonn H I Survey: Milky Way gas. First data release}",
	keywords = {surveys, ISM: atoms, techniques: spectroscopic, Astrophysics - Instrumentation and Methods for Astrophysics, Astrophysics - Astrophysics of Galaxies},
	year = 2016,
	month = jan,
	volume = {585},
	eid = {A41},
	pages = {A41},
	doi = {10.1051/0004-6361/201527007},
	archivePrefix = {arXiv},
	eprint = {1512.05348},
	primaryClass = {astro-ph.IM},
	url = {https://ui.adsabs.harvard.edu/abs/2016A&A...585A..41W},
	adsnote = {Provided by the SAO/NASA Astrophysics Data System}
}

@ARTICLE{GASS,
	author = {{Kalberla \& Haud}},
	title = "{GASS: The Parkes Galactic All-Sky Survey. Update: improved correction for instrumental effects and new data release}",
	keywords = {surveys, ISM: general, radio lines: ISM, Galaxy: structure, Astrophysics - Astrophysics of Galaxies},
	year = 2015,
	month = jun,
	volume = {578},
	eid = {A78},
	pages = {A78},
	doi = {10.1051/0004-6361/201525859},
	archivePrefix = {arXiv},
	eprint = {1505.01011},
	primaryClass = {astro-ph.GA},
	url = {https://ui.adsabs.harvard.edu/abs/2015A&A...578A..78K},
	adsnote = {Provided by the SAO/NASA Astrophysics Data System}
}
@ARTICLE{ORION_FIR_ANALYSIS,
	doi = {10.1088/0004-637x/738/1/91},
	url = {https://doi.org/10.1088%2F0004-637x%2F738%2F1%2F91},
	year = 2011,
	month = {aug},
	publisher = {{IOP} Publishing},
	volume = {738},
	number = {1},
	pages = {91},
	author = {Y-S {Jo} and K-W {Min} and K-I {Seon} and J. {Edelstein} and W. {Han}},
	title = {{FAR}-{ULTRAVIOLET} {SPECTRAL} {IMAGES} {OF} {THE} {ORION}-{ERIDANUS} {SUPERBUBBLE} {REGION}},
	journal = {The Astrophysical Journal},
}


@ARTICLE{Rotation,
	author = {{Reid}, M.~J. and {Menten}, K.~M. and {Zheng}, X.~W. and
	{Brunthaler}, A. and {Moscadelli}, L. and {Xu}, Y. and {Zhang}, B. and
	{Sato}, M. and {Honma}, M. and {Hirota}, T. and {Hachisuka}, K. and
	{Choi}, Y.~K. and {Moellenbrock}, G.~A. and {Bartkiewicz}, A.},
	title = "{Trigonometric Parallaxes of Massive Star-Forming Regions. VI. Galactic Structure, Fundamental Parameters, and Noncircular Motions}",
	keywords = {astrometry, Galaxy: fundamental parameters, Galaxy: halo, Galaxy: kinematics and dynamics, Galaxy: structure, stars: formation, Astrophysics - Galaxy Astrophysics, Astrophysics - Cosmology and Extragalactic Astrophysics},
	year = 2009,
	month = jul,
	volume = {700},
	number = {1},
	pages = {137-148},
	doi = {10.1088/0004-637X/700/1/137},
	archivePrefix = {arXiv},
	eprint = {0902.3913},
	primaryClass = {astro-ph.GA},
	url = {https://ui.adsabs.harvard.edu/abs/2009ApJ...700..137R},
	adsnote = {Provided by the SAO/NASA Astrophysics Data System}
}

@ARTICLE{EssentialRadioAstronomy,
	author = {J. J. {Condon} \&  M. {Ransom}},
	title = {Essential Radio Astronomy -- Chapter 2: Radiation Fundamentals},
	url = {https://www.cv.nrao.edu/~sransom/web/Ch2.html},
	note = {zuletzt aufgerufen am 23. September 2020}
}

@ARTICLE{Kalberla,
	author = {{Kalberla},P. M. W. },
	title = "{Dark Matter in the Milky Way. I. The Isothermal Disk Approximation}",
	keywords = {Galaxy: Halo, Galaxy: Kinematics and Dynamics},
	year = 2003,
	month = may,
	volume = {588},
	number = {2},
	pages = {805-823},
	doi = {10.1086/374330},
	url = {https://ui.adsabs.harvard.edu/abs/2003ApJ...588..805K},
	adsnote = {Provided by the SAO/NASA Astrophysics Data System}
}
@ARTICLE{CMB,
	author = {{Planck Collaboration} and {Abergel}, A. and {Ade}},
	title = "{Planck intermediate results. XVII. Emission of dust in the diffuse interstellar medium from the far-infrared to microwave frequencies}",
	keywords = {dust, extinction, submillimeter: ISM, local insterstellar matter, infrared: diffuse background, cosmic background radiation, Astrophysics - Astrophysics of Galaxies},
	year = 2014,
	month = jun,
	volume = {566},
	eid = {A55},
	pages = {A55},
	doi = {10.1051/0004-6361/201323270},
	archivePrefix = {arXiv},
	eprint = {1312.5446},
	primaryClass = {astro-ph.GA},
	url = {https://ui.adsabs.harvard.edu/abs/2014A&A...566A..55P},
	adsnote = {Provided by the SAO/NASA Astrophysics Data System}
}

@ARTICLE{Planck_CO,
	author = {{Planck Collaboration \& Ade}},
	title = "{Planck 2013 results. XIII. Galactic CO emission}",
	keywords = {ISM: molecules, Astrophysics - Astrophysics of Galaxies, Astrophysics - Cosmology and Nongalactic Astrophysics},
	year = 2014,
	month = nov,
	volume = {571},
	eid = {A13},
	pages = {A13},
	doi = {10.1051/0004-6361/201321553},
	archivePrefix = {arXiv},
	eprint = {1303.5073},
	primaryClass = {astro-ph.GA},
	url = {https://ui.adsabs.harvard.edu/abs/2014A&A...571A..13P},
	adsnote = {Provided by the SAO/NASA Astrophysics Data System}
}




%Bücher
@Book{Draine,
	author = {B. T. Draine},
	title =  {Physics of the interstellar and intergalactic medium},
	PUBLISHER={Princeton University Press},
	YEAR={2011}
}

@Book{Der_Neue_Kosmos,
	author = "{Unsöld \& Baschek}",
	title =  {Der neue Kosmos 7. Auflage},
	PUBLISHER={Springer},
	YEAR={2005}
}

@Book{Hanslmeier,
	author = {A. Hanslmeier},
	title =  {Einführung in	Astronomie	und Astrophysik 4. Auflage},
	PUBLISHER={Springer Spektrum},
	YEAR={2020}
	url = "https://doi.org/10.1007/978-3-662-60413-7"
}

@Book{Waerme_und_Stoffuebertragung,
	author = "{Baehr \& Stephan}",
	title =  {{Wärme- und Stoffübertragung 10. Auflage}},
	PUBLISHER={Springer},
	YEAR={2019}
}

@Book{CompactStellarXraySources,
	author = "{Lewin \& van der Klis}",
	title =  {{Compact Stellar X-Ray Sources}},
	PUBLISHER={Cambridge Univ. Press},
	YEAR={2006}
}


%Pictures

@MISC{SchwarzkoerperSpektrum,
	author ="{Michael Richmond}",
	YEAR = "CC",
	title = {{Radio waves -- introduction and emission mechanisms}},
	url = {https://ui.adsabs.harvard.edu/abs/2014A&A...571A..13P},
	note={Zuletzt aufgerufen am 23. Oktober 2020}
}

@MISC{Planck_Sattelite,
	author ="{ESA - AOES Medialab}",
	YEAR = 2007,
	title = {{Front view of the Planck satellite}},
	url = {http://spiff.rit.edu/classes/ast613/lectures/radio_i/radio_i.html},
	note={Zuletzt aufgerufen am 25. Oktober 2020, bearbeitet von Dominic Schüchter}
}


@MISC{IRAS_PIC,
	author ="{NASA}",
	YEAR = 1983,
	title = {{Front view of the Planck satellite}},
	url = {https://lambda.gsfc.nasa.gov/product/iras/},
	note={Zuletzt aufgerufen am 25. Oktober 2020}
}

@MISC{Healpix_pic,
	author ="{Jet Propulson Laboratory}",
	YEAR = 1997,
	title = {{Purpose}},
	url = {https://healpix.jpl.nasa.gov/healpixBackgroundPurpose.shtml},
	note={Zuletzt aufgerufen am 25. Oktober 2020}
}

